<?xml version="1.0" encoding="UTF-8" ?><marc:collection xmlns:marc="http://www.loc.gov/MARC21/slim" xmlns:xsi="http://www.w3.org/2001/XMLSchema-instance" xsi:schemaLocation="http://www.loc.gov/MARC21/slim http://www.loc.gov/standards/marcxml/schema/MARC21slim.xsd">
<marc:record><marc:leader>02130ntm a2200457Ia 4500</marc:leader>
<marc:controlfield tag="001">on1243893376</marc:controlfield>
<marc:controlfield tag="003">OCoLC</marc:controlfield><marc:controlfield tag="005">20210407122427.0</marc:controlfield><marc:controlfield tag="008">210330q17001799xx p          000 0 ota d</marc:controlfield><marc:datafield tag="040" ind1=" " ind2=" "><marc:subfield code="a">PLF</marc:subfield><marc:subfield code="b">eng</marc:subfield><marc:subfield code="e">amremm</marc:subfield><marc:subfield code="c">PLF</marc:subfield><marc:subfield code="d">OCLCO</marc:subfield></marc:datafield><marc:datafield tag="066" ind1=" " ind2=" "><marc:subfield code="c">(3</marc:subfield></marc:datafield><marc:datafield tag="035" ind1=" " ind2=" "><marc:subfield code="a">(PLF)2572441</marc:subfield></marc:datafield><marc:datafield tag="099" ind1=" " ind2=" "><marc:subfield code="a">Lewis O 157</marc:subfield></marc:datafield><marc:datafield tag="049" ind1=" " ind2=" "><marc:subfield code="a">PLFF</marc:subfield></marc:datafield><marc:datafield tag="100" ind1="0" ind2=" "><marc:subfield code="6">880-01</marc:subfield><marc:subfield code="a">Baki,</marc:subfield><marc:subfield code="d">1526-1600.</marc:subfield></marc:datafield><marc:datafield tag="240" ind1="1" ind2="0"><marc:subfield code="a">Poems.</marc:subfield><marc:subfield code="k">Selections</marc:subfield></marc:datafield><marc:datafield tag="245" ind1="1" ind2="0"><marc:subfield code="6">880-02</marc:subfield><marc:subfield code="a">Divan-i Bâkî.</marc:subfield></marc:datafield><marc:datafield tag="260" ind1=" " ind2=" "><marc:subfield code="c">[between 1700 and 1799?]</marc:subfield></marc:datafield><marc:datafield tag="300" ind1=" " ind2=" "><marc:subfield code="a">iii, 88, ii leaves :</marc:subfield><marc:subfield code="b">paper, illuminations ;</marc:subfield><marc:subfield code="c">186 x 105 (143 x 70) mm, bound to 190 x 110 mm.</marc:subfield></marc:datafield><marc:datafield tag="500" ind1=" " ind2=" "><marc:subfield code="a">Ms. codex.</marc:subfield></marc:datafield><marc:datafield tag="520" ind1=" " ind2=" "><marc:subfield code="a">Copy of selections from a collection of poetry (dīvān).</marc:subfield></marc:datafield><marc:datafield tag="546" ind1=" " ind2=" "><marc:subfield code="a">Ottoman Turkish.</marc:subfield></marc:datafield><marc:datafield tag="500" ind1=" " ind2=" "><marc:subfield code="a">Title from caption title (f. [1]v).</marc:subfield></marc:datafield><marc:datafield tag="500" ind1=" " ind2=" "><marc:subfield code="a">Foliation: Leaves are unfoliated; no catchwords.</marc:subfield></marc:datafield><marc:datafield tag="500" ind1=" " ind2=" "><marc:subfield code="a">Layout: Chiefly written in 15 lines in two columns; border- and column-ruled.</marc:subfield></marc:datafield><marc:datafield tag="500" ind1=" " ind2=" "><marc:subfield code="a">Script: Written in nastaʻlīq in black ink; pointed.</marc:subfield></marc:datafield><marc:datafield tag="500" ind1=" " ind2=" "><marc:subfield code="a">Decoration: Illuminated headpiece in gold, blue, red (f. [1]r); gold border and column rules.</marc:subfield></marc:datafield><marc:datafield tag="500" ind1=" " ind2=" "><marc:subfield code="a">Binding: Red leather over pasteboard (Type III) with faint blind-tooled border; marbled paper doublure and endleaves.</marc:subfield></marc:datafield><marc:datafield tag="500" ind1=" " ind2=" "><marc:subfield code="a">Origin: The copy is undated; perhaps produced in the 18th century.</marc:subfield></marc:datafield><marc:datafield tag="500" ind1=" " ind2=" "><marc:subfield code="a">Note dated 1230 A.H. (1815 CE) (third front flyleaf recto).</marc:subfield></marc:datafield><marc:datafield tag="500" ind1=" " ind2=" "><marc:subfield code="a">Note in pencil &quot;oeschki 8973C99427 30.00&quot; (gutter f. [2]r)</marc:subfield></marc:datafield><marc:datafield tag="650" ind1=" " ind2="0"><marc:subfield code="a">Turkish poetry</marc:subfield><marc:subfield code="y">16th century.</marc:subfield></marc:datafield><marc:datafield tag="650" ind1=" " ind2="0"><marc:subfield code="a">Manuscripts, Turkish</marc:subfield><marc:subfield code="y">18th century.</marc:subfield></marc:datafield><marc:datafield tag="650" ind1=" " ind2="0"><marc:subfield code="a">Manuscripts, Oriental</marc:subfield><marc:subfield code="y">18th century.</marc:subfield></marc:datafield><marc:datafield tag="655" ind1=" " ind2="7"><marc:subfield code="a">codices (bound manuscripts)</marc:subfield><marc:subfield code="2">aat</marc:subfield><marc:subfield code="0">(CStmoGRI)aatgf300224200</marc:subfield></marc:datafield><marc:datafield tag="655" ind1=" " ind2="7"><marc:subfield code="a">manuscripts (documents)</marc:subfield><marc:subfield code="2">aat</marc:subfield><marc:subfield code="0">(CStmoGRI)aatgf300028569</marc:subfield></marc:datafield><marc:datafield tag="655" ind1=" " ind2="7"><marc:subfield code="a">Illuminations (painting)</marc:subfield><marc:subfield code="2">aat</marc:subfield></marc:datafield><marc:datafield tag="710" ind1="2" ind2=" "><marc:subfield code="a">Free Library of Philadelphia.</marc:subfield><marc:subfield code="b">Rare Book Department.</marc:subfield><marc:subfield code="b">John Frederick Lewis Collection of Oriental Manuscripts.</marc:subfield></marc:datafield><marc:datafield tag="856" ind1="4" ind2="1"><marc:subfield code="z">Digital facsimile in OPenn</marc:subfield><marc:subfield code="u">http://openn.library.upenn.edu/Data/0023/html/lewis_o_157.html</marc:subfield></marc:datafield><marc:datafield tag="852" ind1=" " ind2=" "><marc:subfield code="b">Rare Book Department</marc:subfield><marc:subfield code="a">Free Library of Philadelphia</marc:subfield><marc:subfield code="e">Philadelphia</marc:subfield><marc:subfield code="u">https://know.freelibrary.org/Record/2572441</marc:subfield></marc:datafield><marc:datafield tag="880" ind1="0" ind2=" "><marc:subfield code="6">100-01/(3/r</marc:subfield><marc:subfield code="a">باقى،</marc:subfield><marc:subfield code="d">1526-1600</marc:subfield></marc:datafield><marc:datafield tag="880" ind1="1" ind2="0"><marc:subfield code="6">245-02/(3/r</marc:subfield><marc:subfield code="a">ديوان باقى.</marc:subfield></marc:datafield><marc:datafield tag="994" ind1=" " ind2=" "><marc:subfield code="a">C0</marc:subfield><marc:subfield code="b">PAU</marc:subfield></marc:datafield></marc:record>
</marc:collection>
